2792 4609
173 116 250 188 aas
426 47 444 68 ,
516 111 1029 230 nisronmnous
1090 101 1227 207 prete,

176 270 362 341 euniarum
376 270 575 361 exemplum
589 271 699 341 secuti
712 270 910 341 rarissimus
924 269 1074 364 quisque
1086 271 1235 344 eandem
1245 271 1293 341 in

177 371 404 465 reciperando
420 371 599 442 licentiam
615 367 827 443 babuerunt.

279 471 460 545 LXXXV.
474 467 691 546 'Adcelerata
713 474 856 550 interim
869 470 1074 564 Vespasiani
1097 487 1220 566 coepta
1236 471 1293 544 Il·

179 574 284 671 lyriei
298 574 469 666 exercitus
482 575 600 645 studio
616 575 821 665 transgressi
838 575 875 644 in
891 588 1017 666 partes.
1067 576 1170 674 tertia
1193 576 1290 666 legio

178 677 379 769 exemplum
399 676 522 746 ceteris
536 675 699 748 *Moesiae
719 678 917 768 legionibus
939 676 1112 768 praebuit.
1163 692 1290 750 octava

178 792 322 849 etatae
350 778 498 870 septima
525 776 740 865 Claudiana,
783 779 939 849 imbutae
966 779 1089 848 favore
1116 773 1289 864 Othonis,

179 879 341 976 quamvis
352 879 488 971 proelio
505 903 581 949 non
595 880 846 951 interfuissent.
902 873 1107 974 Aquileiam
1124 903 1291 972 progres-

179 1006 237 1053 sae
255 981 472 1074 proturbatis
493 981 615 1074 quide
633 977 780 1052 Othone
797 979 1028 1066 nuntiabant,
1056 981 1289 1076 laceratisque

180 1084 319 1154 vexillis
340 1106 471 1152 nomen
490 1081 629 1160 Vitellii
650 1084 947 1175 praeferentibus,
983 1096 1097 1175 rapta
1110 1098 1289 1175 postremo

180 1186 331 1280 pecunia
344 1197 379 1254 et
392 1183 485 1252 inter
500 1206 536 1252 se
550 1185 663 1254 divisa
676 1179 853 1256 hostiliter
868 1198 1020 1273 egerant·
1060 1186 1155 1255 unde
1170 1200 1289 1256 metus
1361 1275 1366 1280 ἡ

181 1304 217 1359 et
237 1310 278 1355 ex
297 1298 393 1355 metu
418 1283 606 1355 consilium
627 1309 728 1379 posse
750 1286 918 1378 imputari
932 1285 1166 1377 Vespasiano,
1190 1299 1290 1381 tqnae

181 1387 276 1481 apud
295 1385 480 1459 Vitellium
503 1389 847 1474 errensandaperant.⁸
883 1387 933 1457 ita
953 1401 1025 1459 tres
1037 1385 1214 1458 Moesicae
1234 1389 1289 1459 le-

181 1487 303 1581 giones
322 1511 386 1579 per
409 1487 573 1580 epistolas
596 1490 810 1562 adliciebant
830 1488 1077 1559 Pannonicum
1097 1490 1290 1561 exereitum
1385 1497 1386 1534 ³

181 1604 244 1663 aut
276 1589 447 1675 abnuenti
478 1590 551 1660 vim
584 1593 766 1692 parabant.
835 1586 879 1659 ln
912 1613 954 1660 eo
988 1604 1089 1662 motu
1120 1585 1287 1684 Aponius

182 1820 321 1875 Ernestisss
339 1820 440 1888 adfert,
464 1789 529 1879 illud
551 1825 653 1896 ipsum,
679 1823 712 1876 ad
755 1821 859 1896 Lipsius
885 1820 982 1875 habet:
1016 1820 1127 1891 Illyrici
1150 1824 1292 1876 exaestuo

181 1890 257 1963 qnod
276 1891 414 1944 relativum
427 1894 574 1976 respiciat,
604 1891 712 1973 Musis·
756 1894 860 1974 studio.
881 1889 1293 1970 flamerssssss‘npartesetc.

180 1958 716 2102 sssttntmtzstttt
757 1956 1293 2108 tinternensis

180 2096 215 2149 de
233 2115 283 2150 suo
302 2097 389 2160 dedit,
409 2100 558 2167 peeum'om
572 2098 606 2151 de
622 2117 651 2151 re
666 2116 717 2169 pu·
759 2109 787 2152 et
802 2093 918 2170 Ryokso.
1085 2155 1088 2164 ¹

182 2163 387 2236 blielsumpsit.
424 2167 555 2221 Duriores
573 2177 638 2225 suot
653 2185 718 2221 con·
794 2167 878 2220 tertio
900 2164 981 2232 tegio.
1022 2160 1075 2217 Ed.
1093 2161 1167 2235 Spin
1186 2161 1295 2219 eills.

183 2233 343 2289 structiones
356 2236 592 2307 etapudGraeeos
605 2247 633 2289 et
646 2234 716 2307 apud
759 2235 830 2290 ttud.
851 2236 935 2287 tertio
954 2233 1072 2288 decimu.
1118 2221 1172 2286 Sed
1197 2231 1292 2286 eadem

182 2300 301 2356 Latinos.
337 2303 728 2367 caes.tt.G.1,<5.11etosu't-
760 2303 903 2358 hicterts'a
921 2299 1108 2372 intelligenda,
1150 2319 1199 2355 uae
1217 2301 1296 2356 diee-

175 2370 359 2438 srumentum
379 2392 479 2437 omne,
507 2382 620 2438 praeter
644 2376 718 2441 quod
760 2372 841 2427 batur
860 2390 884 2424 c.
899 2370 942 2423 74.
982 2370 1047 2422 ltlox
1070 2368 1101 2422 irs
1174 2367 1294 2426 .Guelf.

183 2456 279 2491 seeum
304 2444 448 2503 portaturi
472 2451 573 2499 nont.
602 2445 716 2495 eomtu·
760 2438 924 2493 vocabulum
940 2439 1038 2493 seters's
1055 2456 1111 2491 non
1126 2437 1235 2510 legitor.

184 2516 261 2560 runt.
303 2506 362 2559 Cic.
382 2508 434 2561 Or.
451 2511 482 2571 ἲς
496 2510 541 2561 60.
566 2509 645 2562 Heres
666 2527 715 2561 sa·
792 2505 926 2560 imbutae.
963 2504 1231 2577 Ed.Spir.s'mtusa,
1246 2506 1294 2572 in-

182 2577 251 2626 uere
261 2586 380 2640 possunt
392 2578 423 2627 s'ss
434 2595 503 2643 qssos
513 2579 597 2630 notas.
759 2576 948 2646 terpunctione
969 2577 980 2643 (
985 2580 1010 2646 s)
1033 2575 1119 2645 posita
1133 2586 1194 2629 ante
1208 2575 1295 2630 Cno-

218 2643 379 2696 rarissimus
398 2646 521 2711 quisque.
568 2645 616 2700 sie
633 2643 718 2699 MSS.
759 2645 858 2696 diona.

184 2709 262 2764 Flor.·
283 2711 354 2764 (test.
367 2711 454 2782 Viet.)
468 2712 537 2774 uua.
551 2713 635 2768 Corb.
657 2714 719 2767 edd.
798 2712 958 2780 «Aquileiam
967 2725 1143 2777 progressos.
1161 2709 1207 2765 Sie
1213 2709 1296 2765 MSS.

185 2779 260 2849 Spir.
273 2777 360 2832 Rben.
372 2781 436 2836 ΛΜ.
452 2799 483 2854 sq
505 2818 513 2835 .
536 2816 573 2830 -
605 2784 718 2837 torsist-
760 2777 835 2836 Flos.
860 2780 999 2834 test.Vict.
1014 2798 1076 2832 cum
1094 2779 1147 2832 lae.
1157 2779 1296 2848 Gronov.)

62 2923 66 2934 .
184 2801 653 2968 ...s
760 2845 826 2972 ts·
843 2849 926 2971 erat·
946 2849 1010 2988 se
1114 2846 1296 2984 rste.

161 3013 165 3026 .
221 2981 289 3037 Cn.
308 2985 354 3038 85.
389 2992 566 3045 Adcelerata.
607 2988 655 3043 Sic
674 2990 719 3043 ed.
760 2988 819 3041 tam
859 3002 1008 3052 repressae
1025 2982 1186 3039 Msffltart
1211 2984 1294 3039 Bodl.

186 3051 276 3124 Spirst
299 3057 457 3108 morosa
476 3057 536 3112 Ms.
550 3056 640 3112 Guett.
663 3057 713 3127 (ibi
762 3054 813 3107 les.
830 3006 898 3107 liud.
913 3051 1005 3109 Gnels.
1019 3053 1080 3107 edd.
1090 3053 1219 3108 Pet-Ber.
1234 3071 1295 3133 sqq.

185 3123 352 3192 accelerem)
368 3123 429 3176 edd.
444 3125 506 3177 Pet.
521 3143 584 3198 sqq.
762 3122 796 3176 ad
819 3121 964 3194 Ryelsium.
994 3150 1026 3163 -
1065 3121 1132 3174 Mor
1160 3123 1201 3176 ed.
1221 3122 1297 3193 Spu.

222 3196 555 3262 transgressts‘nportes.
580 3193 722 3249 stecoris.
763 3194 902 3244 alls'os‘edut
926 3209 976 3262 pro
1001 3191 1186 3255 adliciebant,
1217 3194 1298 3244 band

160 3313 164 3320 ,
187 3257 271 3311 MSS.
298 3260 372 3314 Flor.
407 3265 479 3328 (test.
508 3262 595 3326 vict.)
627 3260 721 3316 Guell.
763 3260 901 3313 abnuenti
912 3278 961 3330 pro
975 3270 1025 3311 aut
1039 3261 1103 3311 olen.
1122 3287 1157 3299 -
1189 3260 1220 3311 ln
1235 3261 1296 3313 MS.

189 3325 303 3404 aliique,
327 3329 390 3383 edd.
409 3331 482 3402 Spir.
500 3331 561 3383 Put.
581 3332 624 3386 Μ.
642 3342 668 3384 et
687 3331 722 3384 V.
764 3327 834 3381 llud.
854 3328 952 3381 desunt
971 3328 1052 3384 rerba
1071 3327 1133 3380 inde
1153 3329 1297 3383 attonso-

168 3394 250 3466 ‚Ben
270 3399 347 3462 (cum
365 3398 453 3453 silent.
474 3400 557 3463 Viet.)
581 3399 641 3454 Ate.
663 3399 721 3452 Mi·
763 3398 855 3449 ns‘sssm
872 3415 958 3467 usquo
971 3397 1004 3450 sd
1015 3399 1176 3464 parabunt,
1194 3397 1298 3458 emisit·

189 3461 496 3522 clletdeindePiels.
512 3467 659 3539 Grotsq
686 3500 723 3514 --
763 3482 815 3534 que
832 3464 976 3518 Rhenanus
994 3465 1023 3518 in
1042 3465 1168 3520 editione.
1204 3464 1297 3520 Resti-

233 3549 335 3585 ensnus
357 3534 426 3589 duce
449 3537 513 3591 cod.
532 3537 601 3591 llud.
623 3487 722 3588 delerit
763 3531 813 3586 tuit
828 3532 933 3605 Lipsius
948 3532 1022 3588 1574.

189 3605 376 3667 transgressi,
413 3606 486 3677 quod
516 3606 609 3660 obesse
641 3622 721 3677 posse
752 3625 769 3648 -·
797 3603 829 3656 s'n
852 3621 885 3658 ce
907 3612 995 3656 motu.
1043 3603 1089 3660 sto
1111 3601 1192 3657 codd.
1214 3601 1297 3657 tiss

190 3684 273 3720 nemo
286 3669 398 3727 dubitat.
433 3677 468 3727 As
485 3673 659 3739 transgressi
695 3687 721 3724 e·
765 3670 838 3724 Flos.
857 3671 926 3738 (test.
939 3670 1011 3723 Viet.
1026 3690 1090 3724 eum
1104 3669 1189 3738 Piob.)
1204 3670 1296 3726 Guelf-

187 3735 290 3791 euliare
305 3751 473 3796 momentum
490 3742 664 3796 sententisea
684 3739 724 3792 dit
765 3739 836 3794 llud.
857 3737 968 3808 aliique,
994 3739 1056 3793 edd.
1077 3739 1147 3810 Spir.
1171 3739 1234 3793 Put.
1256 3741 1298 3795 Μ.

190 3804 309 3887 dicitque
326 3827 447 3879 expresse
461 3809 601 3882 lllyriwm
620 3809 723 3862 exerci-
764 3807 843 3863 Pieb.
855 3807 937 3880 Lipsii
954 3818 1040 3879 postr.
1057 3807 1169 3862 Gruter.
1182 3827 1244 3879 sqq.
1263 3840 1299 3855 .-

189 3884 249 3928 tum
265 3895 293 3929 sn
309 3874 460 3949 Vespasiani
473 3890 560 3948 partes
579 3878 726 3941 transiisse,
765 3877 795 3928 s'n
816 3894 848 3929 eo
869 3886 945 3929 rnatu
963 3875 1025 3930 edd.
1043 3877 1108 3931 Pnt.
1130 3875 1164 3928 V.
1182 3896 1244 3948 sqq.
1263 3877 1298 3932 sd

211 3945 264 3995 uod
279 3962 334 3997 non
347 3945 416 3999 inest
428 3946 548 3999 llbeusni
563 3945 616 4000 sesi
638 3958 722 4000 turae.
766 3943 839 4000 Pieli.
873 3944 920 3998 Est
933 3945 939 3997 i
959 3945 1012 3997 'tur
1024 3945 1120 3999 vitium
1136 3946 1297 4018 typograpb.

190 3961 265 4066 baec
283 4022 372 4066 tssnen
386 4014 496 4083 repetita
511 4025 549 4068 est
564 4015 597 4069 ab
609 3965 680 4069 itdo
696 4025 723 4069 st
765 4034 796 4068 es
813 4015 856 4068 ed.
872 4014 924 4070 l’ut
974 4013 1027 4067 ,in
1044 4027 1296 4088 ceteraspropaga-

190 4078 282 4154 lipsio
288 4079 317 4136 in
327 4081 530 4153 prioribusedd.
545 4083 576 4138 lu
588 4094 722 4158 postrema
765 4094 831 4143 tum.
