2792 4609
354 145 358 156 -
1204 5 1205 8 Ὗ
1316 4 1390 174 ἶ

185 193 326 304 'aaa
379 161 806 308 fflsronrs'nun
836 217 1021 306 man,
1047 220 1079 293 1.
1171 218 1248 292 aas

125 419 129 426 “
240 398 268 476 Ι.
305 363 498 475 Interfecto
513 401 659 474 Vitellio
676 405 811 476 bellum
833 405 943 495 magis
965 403 1116 476 desierat
1137 429 1249 499 quam

140 723 284 780 cruenta
301 712 379 780 lora
396 711 621 804 templaque,
647 711 776 803 passim
790 710 990 796 trucidatis,
1015 726 1057 783 ut
1071 735 1248 805 quemque

138 811 213 882 fors
233 813 422 883 obtulerat.
471 836 511 882 ac
535 807 615 881 mox
639 828 845 904 augescente
868 813 1012 883 licentia
1035 810 1184 882 scrutari
1208 836 1250 881 ac

140 909 346 1007 protrahere
359 914 515 986 abditos:
543 915 573 983 si
589 939 695 1009 quem
711 921 902 1008 procerum
909 909 1036 986 habitu
1053 929 1088 986 et
1103 915 1247 985 iuventa

140 1029 411 1108 conspexerant,
453 1017 682 1128 obtpuncare,
722 1017 824 1087 nullo
854 1016 1010 1086 militum
1035 1030 1097 1087 aut
1123 1015 1250 1109 populi

141 1117 356 1202 discrimine.
419 1116 520 1208 Quae
550 1119 694 1188 saevitia
723 1119 925 1187 recentibus
956 1119 1049 1188 o'diis
1077 1118 1248 1208 sanguine

142 1219 373 1312 explebatur,¹
397 1221 483 1291 dein
504 1213 656 1291 verterat
679 1220 719 1288 in
740 1220 935 1292 avaritiam
986 1214 1078 1288 nibil
1097 1243 1249 1313 usquam

141 1334 315 1392 secretum
338 1335 399 1392 aut
422 1322 578 1392 clausum
600 1321 765 1391 sinebant
778 1319 990 1390 Vitellianos
1011 1320 1180 1392 occultari
1201 1321 1251 1389 si-

140 1423 329 1497 mulantes.
379 1423 522 1496 initium
545 1422 581 1494 id
603 1423 937 1517 perfringendarum
959 1423 1149 1507 domuum,
1179 1415 1249 1507 vel,

141 1527 173 1597 si
195 1526 434 1610 resisteretur,
469 1533 572 1595 causa
596 1525 724 1597 caedis.
775 1548 839 1595 nec
863 1527 983 1596 deerat
1006 1523 1249 1613 egentissimus

141 1627 291 1727 quisque
308 1651 327 1696 e
342 1628 446 1720 plebe
462 1639 496 1696 et
508 1625 891 1719 pessimiservitiorum
906 1629 1057 1719 prodere
1076 1626 1170 1695 ultro
1192 1624 1250 1694 di·

141 1743 194 1803 tes
209 1730 389 1800 dominos:
414 1729 476 1801 alii
491 1731 536 1799 ab
551 1728 672 1798 amicis
687 1730 987 1801 monstrabantur.
1038 1719 1182 1821 Ubique
1194 1727 1247 1798 la-

140 1845 281 1915 menta,
314 1832 608 1902 conclamationes
627 1845 661 1900 et
681 1831 845 1902 fortunae
867 1844 988 1921 captae
1007 1830 1127 1913 urbis,
1160 1830 1249 1912 adeo

142 1947 184 2006 ut
196 1929 398 2004 Othoniani
410 1917 666 2026 Vitellianique
687 1932 812 2001 militis
832 1931 1008 2005 invidiosa
1027 1945 1128 2001 antea
1148 1944 1272 2023 pem-1

142 2034 254 2106 lantia
279 2025 556 2106 desideraretur.
595 2032 712 2105 Duces
732 2035 887 2125 partium
908 2034 1130 2103 accendendo
1152 2031 1253 2100 civili

142 2133 238 2208 bello
261 2161 373 2221 acres,
397 2136 643 2229 temperandae
662 2135 1012 2226 victoriae-impares.
1061 2135 1190 2227 quippe
1210 2134 1254 2212 in

143 2241 267 2311 turbas
283 2252 318 2308 et
332 2238 525 2309 discordias
538 2239 690 2330 pessimo
708 2238 836 2333 cuique
851 2236 1004 2338 plurima
1018 2236 1095 2305 vis:
1127 2259 1195 2330 par
1216 2248 1252 2305 et

145 2342 246 2440 quies
260 2341 365 2412 bonis
379 2341 514 2416 artibus
528 2339 698 2431 indigent.

449 2573 955 2636 COMMENTARlUS.

180 2698 283 2755 Cam.
302 2699 371 2768 fiars
383 2701 533 2754 obtulerat.
566 2698 681 2755 SicMS.
720 2697 845 2766 pessimi.
892 2693 1018 2750 Ceterum
1044 2689 1179 2760 coniunge
1204 2705 1255 2742 nee

144 2762 242 2832 (20er
255 2769 318 2825 edd.
344 2769 469 2824 Beroald.
497 2771 571 2836 (cum
594 2770 682 2824 silent.
722 2770 822 2821 deerat
834 2767 1014 2833 prodere.
1046 2759 1117 2813 Nam
1133 2762 1255 2826 prodere

15 499 23 526 ”
140 528 208 598 pax
237 519 409 600 coeperat.
460 507 587 588 armati
612 532 676 600 per
704 508 830 579 urbem
855 507 1006 577 victores
1030 506 1248 600 implacabili
1321 517 1335 594 ᾗ

15 637 20 666 ι
139 607 223 678 odio
265 609 377 680 victos
417 610 720 680 consectabantur.
783 611 908 702 plenae
949 610 1116 680 caedibus
1157 608 1249 695 viae,

145 2842 231 2897 Vicat
251 2839 359 2893 Ernem
378 2839 499 2908 Brotsq
520 2877 528 2890 .
553 2865 588 2879 -
621 2854 682 2889 sorr
723 2836 822 2907 pendet
849 2852 864 2886 e
890 2834 972 2886 verbo
996 2834 1104 2883 deerat.
1138 2827 1175 2881 cl.
1196 2835 1256 2881 not.
1320 2871 1324 2882 ,

146 2913 287 2964 obtulerat
307 2907 388 2961 MSS.
401 2905 493 2960 Gueli.
555 2907 587 2958 rl.
602 2902 681 2958 Bodl.
724 2922 797 2972 supr.
810 2901 843 2955 ad
856 2901 881 2965 3,
896 2901 939 2955 58.
956 2917 1005 2952 nee
1019 2903 1115 2952 deerat
1127 2897 1205 2964 1'pse.
1223 2931 1255 2948 ..

135 2978 218 3034 ·Bud.
241 2977 302 3031 edd.
316 2977 389 3046 Spir.
400 2975 463 3032 Pur.
480 2976 521 3029 M.
535 2987 561 3029 et
575 2973 606 3026 V.
618 2974 680 3030 Ate.
724 2974 829 3024 elicere.
872 2968 940 3024 Edd.
959 2968 1045 3022 liban.
1061 2963 1127 3020 ald.
1141 2960 1257 3046 Micyll.

145 3047 234 3102 Rhen.
248 3045 310 3099 Ata.
323 3063 383 3115 sqq.
397 3044 430 3097 ad
444 3043 608 3097 Eruedium.
643 3040 679 3097 el.
722 3039 805 3112 Lipsii
829 3037 932 3112 prima,
961 3035 1038 3090 Pieb.
1057 3051 1116 3105 sqq.
1141 3051 1256 3105 pessime

146 3128 206 3171 not.
219 3116 252 3170 ad
264 3114 322 3169 Aa.
338 3117 380 3177 tt,
391 3113 416 3166 5.
436 3112 503 3167 Hiar.
517 3113 542 3176 2,
554 3112 598 3167 70.
723 3120 831 3182 ponunt
854 3107 961 3181 plenam
977 3104 1177 3162 distinctionem
1196 3109 1258 3174 port

180 3186 209 3238 'si
227 3201 311 3252 quem
325 3200 473 3248 procerum
498 3192 551 3236 etc.
596 3178 681 3234 Nimi·
721 3181 811 3247 plebe.
1113 3233 1115 3240 s

144 3272 208 3311 rum
219 3254 377 3324 petebantur
389 3249 544 3305 Germanici
559 3249 666 3304 milites.
733 3246 1005 3301 .e0netamattooes.
1038 3238 1100 3294 MS.
1116 3235 1209 3292 Guett.
1228 3246 1257 3290 et

182 3325 398 3386 conpererant.
438 3319 485 3374 Sic
506 3320 586 3375 Mss.
606 3319 680 3373 Flor.
722 3316 966 3371 ωηιὶαωοιίοηιε.

147 3393 218 3458 (test.
259 3397 304 3442 ret.
321 3406 383 3442 cum
396 3388 448 3444 lac.
461 3388 600 3458 Gronov.)
614 3387 681 3459 lieg.
759 3394 787 3437 et
803 3385 941 3452 fortunae
963 3388 1062 3440 morae
1088 3376 1177 3434 urob.
1211 3373 1275 3430 Sic·

147 3459 239 3514 Guelf.
260 3455 337 3511 Harl.
357 3457 439 3511 ssodt
455 3458 503 3511 les.
524 3458 594 3520 Bud.
614 3458 681 3529 Agr.
714 3454 785 3510 ¹MS.
798 3451 872 3507 Flor.
892 3451 962 3519 (test.
977 3445 1060 3584 Vnst)
1079 3445 1120 3499 ed.
1135 3441 1207 3516 Spir.
1224 3471 1260 3485 -

146 3527 291 3600 edd.Spir·
305 3527 358 3582 lac.
373 3525 462 3581 Grou.
477 3546 535 3650 Ἤ.
551 3560 587 3571 -
618 3545 682 3594 pro·
724 3533 751 3579 et
788 3531 888 3589 captae
924 3519 1000 3571 urbas
1049 3525 1167 3567 ortunae
1196 3511 1259 3567 MS.

146 3605 301 3664 merant
319 3596 382 3650 edd.
401 3595 462 3648 Put.
533 3605 560 3649 et
574 3594 607 3648 V.
622 3596 682 3649 Ber.
723 3594 790 3665 Agr.
807 3618 842 3631 —
877 3588 932 3642 Pro
944 3588 1081 3658 senuaar
1094 3582 1154 3637 Ms.
1167 3580 1259 3636 Goets.

141 3686 206 3740 sqq.
220 3665 252 3719 ad
267 3663 515 3720 laetirotovinm.
724 3673 750 3717 et
781 3668 933 3713 ceterorum
962 3652 1128 3707 MSStorum
1161 3651 1259 3721 vulgus

180 3736 254 3788 ndei!
271 3735 400 3805 usquam.
443 3733 507 3788 MS.
525 3731 618 3788 Gueli.
643 3735 686 3788 nil
725 3750 788 3785 curn
805 3728 866 3781 edd.
881 3725 943 3780 Put.
958 3743 1016 3804 sqq.
1034 3722 1123 3776 ferunt
1131 3720 1260 3800 fortuna,

145 3822 277 3874 usquam.
630 3811 633 3816 “
724 3797 798 3871 quod
818 3816 880 3850 cum
895 3791 957 3848 loco
977 3810 1065 3844 intuus
1081 3797 1173 3860 aptum
1187 3787 1260 3843 vide·

180 3893 196 3928 e
214 3875 304 3938 plebe.
344 3871 391 3927 ste
411 3868 494 3926 MSS.
514 3871 590 3928 Flor.
613 3863 682 3937 (lest.
723 3877 815 3929 retur,
832 3857 1111 3918 suadenteVertranio
1126 3856 1259 3909 recentio-

145 3940 231 4011 Vter.)
251 3937 343 3995 Guels.
365 3939 440 3995 llarl.
462 3940 513 3996 lea·
534 3937 620 3995 Corb.
641 3940 682 3993 ed.
724 3955 768 3991 res
776 3935 893 3989 editores
903 3927 1098 4007 eumEmestio
1111 3921 1259 4004 praetulere

143 4010 232 4136 {piem
250 4010 322 4064 uude
336 4012 457 4063 restituo.
477 4037 508 4051 -
545 4009 684 4075 explebe
717 4007 830 4077 starnsa.
866 4001 936 4054 Nam
949 3989 1207 4052 Ernestrusadb.l.
1221 3991 1259 4045 dr·

182 4079 209 4134 d.
221 4078 284 4134 Put.
297 4097 356 4163 sqq.
369 4077 403 4131 ad
416 4076 488 4132 bunc
500 4078 581 4132 diem.
725 4075 776 4128 cit:
804 4072 957 4137 „fortuna
979 4074 1079 4131 captae
1099 4061 1177 4112 urbis
1198 4071 1277 4113 ante-

181 4158 209 4201 θ’
223 4164 349 4215 fimum·
384 4145 446 4202 MS.
461 4143 554 4204 Goelt.
570 4154 597 4200 et
612 4164 682 4214 pro·
726 4142 884 4202 declarata:x
909 4132 1085 4208 sequebatur,
1116 4140 1147 4183 ut
1172 4127 1260 4183 luctus
1329 4189 1335 4206 .

69 4215 73 4220 ’
149 4218 225 4273 minut
240 4218 269 4273 iu
286 4224 427 4283 eontertu;
449 4217 497 4271 sed
512 4217 541 4272 iu
556 4222 683 4288 mergaet
726 4210 789 4266 iude
808 4220 884 4263 ortus
904 4201 1117 4262 describeretur,
1141 4208 1262 4271 quaeat
1302 4207 1314 4222 ⁸
