2792 4609
190 223 269 297 278
538 206 963 292 HISTORIARUM
1119 214 1251 315 2:232}

193 380 336 450 fortuna
359 376 588 460 conualuit,
618 397 693 443 non
713 373 831 442 laxare
853 372 1015 457 ordines,
1053 397 1127 444 non
1149 376 1305 469 recipere

196 480 373 563 turbatos,
396 501 472 548 non
494 477 636 548 obviam
655 474 707 545 ire
726 475 892 568 ultroque
912 473 1057 564 adgredi
1073 471 1210 546 hostem
1224 493 1306 550 tan-

195 596 273 653 turn
285 605 348 674 per
362 580 514 672 spatium
528 600 633 649 cursu
648 591 684 648 et
701 575 895 669 pugnando
915 576 1056 650 sessum.
1106 577 1199 650 forte
1220 581 1306 651 vieti

196 678 293 753 haud
306 683 455 775 perinde
468 674 769 774 rebus'prosperis
792 680 917 749 ducem
939 679 1227 751 desideraverant
1250 696 1306 754 at-

197 809 267 880 que
289 783 328 853 in
350 784 506 855 adversis
527 784 645 857 deesse
672 781 927 871 intelligebant.
982 778 1175 853 Nutantem
1196 785 1309 855 aciem

132 896 135 909 '
195 887 315 958 victor
329 886 505 981 equitatus
524 886 697 954 incursat:
731 899 767 955 et
786 880 979 974 Vipstanus
999 880 1166 955 Messalla
1189 887 1308 957 tribu·

196 1012 266 1059 nus
279 988 361 1059 eum
373 987 541 1058 Moesicis
557 985 787 1055 auxiliaribus
801 984 1022 1079 adsequitur,
1047 1009 1144 1078 quos
1156 988 1307 1063 militiae

75 1160 83 1183 ,
139 1133 143 1137 »
196 1090 399 1182 legionariis
414 1109 617 1184 quanquam
631 1089 761 1178 raptim
774 1087 899 1159 ductos
910 1087 1120 1180 aequabant.
1152 1090 1202 1159 ita
1213 1091 1309 1161 mir-

197 1315 278 1386 Vict.)
287 1323 433 1385 penedos
447 1326 500 1370 set.
523 1315 573 1370 Ed.
582 1313 654 1387 Spii.
664 1331 730 1382 pro·
773 1312 863 1367 locus
876 1310 991 1367 multum
1005 1322 1124 1368 vexatos.
1160 1314 1238 1387 spira
1253 1315 1312 1369 edi·

195 1395 300 1440 ustas.
315 1385 362 1438 Et.
398 1383 474 1438 ldein
491 1385 547 1439 sitii
565 1401 650 1467 qeniis
669 1402 730 1438 sae-
774 1381 864 1438 derati
895 1399 964 1452 qiios
977 1383 1070 1448 gloria
1085 1382 1204 1437 militiae
1221 1387 1313 1452 legib-

195 1452 305 1527 pissime
318 1451 389 1508 redit
401 1452 430 1507 iii
443 1464 511 1509 vett.
525 1454 609 1508 libris.
773 1450 850 1504 narii
860 1468 1021 1520 quostquam
1031 1454 1139 1520 raptim
1149 1455 1248 1507 άιιείοε
1259 1472 1311 1507 ae·

230 1525 356 1590 adgredi.
402 1521 450 1576 ste
474 1522 535 1577 MS.
559 1521 638 1577 Flos.
665 1528 732 1573 teste
793 1522 908 1573 uadunt.
951 1517 1113 1589 conspirant
1137 1521 1221 1578 Mss.
1239 1520 1311 1594 [teg.

197 1588 331 1645 Victoria.
346 1619 381 1633 -
404 1593 525 1659 aggredi
532 1587 697 1650 Menate
706 1598 734 1642 et
818 1588 857 1644 rli.
873 1588 941 1659 Agr.
965 1614 996 1629 -
1028 1604 1098 1656 quos
1115 1592 1310 1657 mi'liti'aeglo-

197 1658 259 1714 edd.
272 1668 335 1714 vett.
774 1659 819 1711 ri'a
843 1658 999 1725 legionariis
1021 1674 1096 1724 quan
1153 1677 1183 1710 m
1205 1676 1240 1712 ra
1259 1661 1314 1715 atii

223 1726 306 1797 sorte
330 1728 404 1782 uiiti’.
457 1728 504 1785 ste
528 1735 594 1784 vett.
619 1726 681 1781 edd.
707 1735 733 1779 et
775 1728 874 1779 ductos
884 1727 1027 1793 aequabat
1040 1676 1220 1781 Msppgueffi
1260 1729 1311 1787 irl.

196 1795 279 1852 MSS.
297 1796 405 1853 codices
426 1817 522 1852 omnes
538 1805 645 1869 praeter
668 1796 733 1849 cod.
775 1793 914 1848 Bodlles.
928 1792 1125 1850 edd-Putsser.
1139 1796 1312 1863 (cumiilent.

196 1864 278 1938 sign,
301 1865 348 1938 qui
362 1864 443 1921 habet
454 1868 609 1933 pugnanda
619 1865 733 1934 sessum
776 1863 863 1930 vtes.)
883 1861 945 1918 Alc.
956 1860 1042 1915 Rhesi.
1057 1863 1119 1918 Ald.
1133 1862 1204 1936 Lipi.
1217 1864 1312 1932 Grnt„

188 1935 272 2003 sorte
297 1936 400 1987 nictari
428 1955 458 1989 es
487 1932 647 1989 emendandi
675 1936 734 1984 itii·
776 1930 829 1985 nisi
843 1930 918 2005 quod
933 1929 993 1986 edd.
1007 1930 1036 1985 Li
1057 1950 1079 1987 s.
1094 1933 1171 1988 1607.
1191 1944 1217 1987 et
1227 1934 1312 1991 Grnt.

199 2001 255 2057 dio.
291 2001 467 2074 adplaudunt
482 2011 574 2059 anien
588 1999 736 2060 Acidalins,
776 2017 834 2053 non
855 1999 917 2054 satis
935 2008 1010 2053 recte
1040 2010 1120 2055 siniit
1137 2003 1238 2071 gloria.
1274 2007 1315 2061 At

197 2069 331 2144 llycliins,
346 2070 458 2127 Dureau
472 2072 506 2126 de
517 2069 650 2133 Lamalle,
667 2067 735 2122 Bro·
777 2067 860 2124 Mss.
878 2068 953 2122 ator.
972 2069 1043 2136 (test.
1061 2068 1139 2124 Pieli.
1151 2069 1237 2144 Ryet.
1256 2072 1312 2128 lac.

197 2140 290 2195 terius.
319 2140 373 2194 Atti
387 2139 581 2209 (Littamum,
598 2136 735 2202 Riettesi,
777 2135 965 2204 Gron.)Bud.
979 2136 1048 2204 (test.
1059 2136 1159 2210 Rhea.)
1173 2146 1312 2209 quaemi-

198 2206 357 2279 Gutmann.)
375 2208 533 2281 praeferunt
549 2207 735 2265 coniecturam
776 2208 853 2260 litiae
881 2206 1043 2273 legionariis
1068 2213 1233 2279 quanquam
1261 2228 1314 2265 ra.

196 2277 334 2343 Fseimh„
351 2280 396 2351 qiii
410 2279 549 2332 sinendat:
568 2278 655 2331 Forte
670 2275 736 2329 acti.
774 2278 846 2398 fiti'm
864 2279 959 2327 ductos
971 2277 1139 2356 aequabant.
1173 2276 1314 2336 Probabat

198 2346 434 2418 Interpretantur:
469 2360 537 2399 aiom
568 2344 736 2413 osingesatr
801 2343 923 2397 bonanus
957 2344 1158 2417 accipiebatque
1193 2350 1314 2404 militiae

198 2418 286 2468 datin
306 2417 421 2485 gefitlirt
443 2424 538 2470 contra
556 2411 734 2467 Freinshemii
776 2430 827 2484 pro
842 2415 871 2465 ai
884 2413 995 2465 militia.
1030 2412 1149 2468 Picliena
1168 2416 1312 2475 immutato

197 2491 328 2539 mentem.
363 2484 389 2537 ls
406 2483 477 2537 enim
498 2483 609 2537 verbum
630 2484 739 2545 agendi
778 2500 811 2534 eo
825 2480 960 2535 vocabulo
973 2480 1072 2536 edidit:
1091 2499 1164 2551 quos
1177 2488 1314 2542 mi'li'titus

197 2551 345 2623 accipiebat
360 2550 392 2604 de
404 2550 481 2604 ducis
493 2550 608 2625 imperio
622 2567 672 2619 pro
686 2566 734 2600 re·
776 2550 945 2616 legionariis
963 2567 990 2618 q.
1002 2567 1027 2602 r.
1039 2554 1067 2603 il.
1086 2556 1238 2620 aequabat.
1274 2557 1314 2611 lta

196 2636 273 2686 gere.
310 2617 413 2671 Verum
430 2637 486 2671 non
501 2636 570 2689 opus
584 2625 623 2670 est
638 2633 734 2669 emen·
776 2628 803 2670 et
821 2617 883 2671 edd.
897 2617 1030 2690 Bernegq.
1048 2630 1074 2672 et
1088 2620 1148 2692 ttip.
1163 2655 1201 2667 -
1235 2623 1314 2679 Gro-

130 2702 137 2717 ’
198 2686 315 2741 datione.
328 2692 330 2699 '
353 2688 429 2740 Victi
444 2685 507 2740 satis
520 2694 593 2739 recte
606 2684 734 2738 dicuntur
777 2687 873 2738 noritis
885 2686 1002 2756 (1672),
1018 2687 1156 2743 Broterius
1167 2701 1194 2744 et
1200 2688 1314 2749 Dureau

197 2754 239 2809 llli
252 2754 407 2827 legionarii,
424 2755 487 2827 quia
500 2752 629 2811 victoriae
639 2772 686 2825 spe
697 2754 734 2807 ita
776 2754 810 2807 de
821 2754 941 2809 lamalle
952 2756 1037 2810 secuti
1049 2767 1113 2812 sunt
1123 2757 1305 2818 Puteolanum

198 2824 366 2886 exciderant,
399 2836 430 2881 iit
458 2824 564 2881 abiecto
594 2821 734 2895 pugnandi
775 2821 804 2875 iii
823 2823 901 2903 cuins
918 2823 971 2878 scri
993 2836 1050 2880 tura
1063 2824 1184 2898 Rycliius
1200 2829 1228 2883 id
1249 2804 1316 2886 mu:

197 2894 290 2949 animo
311 2913 370 2949 rein
390 2913 466 2949 suam
485 2893 617 2966 perditam
637 2890 733 2945 crede·
775 2901 859 2953 tavit,
875 2901 908 2945 iit
918 2844 1047 2947 scriberet
1059 2898 1229 2963 aequabant.
1259 2901 1314 2956 sed

198 2971 277 3017 rent:
307 2973 334 3015 et
354 2964 465 3035 quidem
477 2962 559 3033 forte
576 2960 639 3014 victi
659 2960 686 3013 b.
707 2979 733 3013 e.
775 2959 829 3039 lec.
839 2959 1005 3026 Gronovius,
1020 2961 1136 3026 Ernest,
1151 2962 1316 3044 Oberl.sqq.

199 3049 256 3085 non
271 3030 321 3102 ipsi
334 3032 408 3116 clade
422 3028 536 3090 uitiauit,
553 3028 606 3111 'sed
625 3029 745 3110 tortum,
775 3028 895 3082 maluere
928 3031 1090 3113 scripturam
1119 3030 1317 3105 florentinam,

197 3097 738 3230 tittesitutatit¹¹stt
777 3111 1316 3246 litteratissimis:

198 3247 292 3292 tunam
315 3237 457 3292 meliorem
478 3244 649 3308 repararent:
682 3232 736 3287 iam
776 3245 821 3287 tur
833 3235 861 3287 in
876 3235 1046 3290 nominativo
1059 3238 1146 3308 plur,
1167 3244 1315 3313 utsiqiiifi.

199 3324 266 3362 vero
281 3306 421 3361 deficiente
436 3306 505 3359 duce
520 3304 587 3358 nibil
602 3303 736 3375 reliquum
777 3312 819 3355 cet
838 3303 926 3360 sarias
945 3305 1056 3359 militias
1075 3309 1186 3380 species.
1212 3302 1251 3366 cl.
1269 3313 1314 3368 Τι.

199 3394 257 3431 esse
277 3376 440 3440 sentiebant,
464 3392 546 3445 quam
560 3381 590 3426 nt
603 3373 689 3425 victos
707 3390 736 3423 se
776 3369 850 3453 butt
861 3374 884 3436 1,
896 3371 921 3457 S,
932 3374 975 3427 82.
1010 3373 1226 3461 SostomClaiid.
1241 3383 1316 3439 aas.

133 3568 139 3585 ¹
198 3453 432 3579 Pailieitrilllglbant.
484 3510 545 3565 MS.
569 3509 644 3564 l’lor.
666 3518 734 3561 teste
775 3438 1117 3574 qqttiqnpiiaqiquqp
1134 3445 1227 3571 Plliiii
1250 3450 1315 3573 igit

199 3579 323 3636 victorio
337 3580 546 3648 intellegebant.
575 3576 612 3631 cl.
627 3585 686 3633 not.
700 3576 733 3630 ad
776 3578 856 3631 litiae
867 3579 1012 3634 stacam
1024 3584 1185 3639 nuntiares
1204 3604 1314 3656 aequa.

200 3649 254 3704 An.
271 3653 294 3714 1,
307 3652 348 3702 11.
367 3649 393 3710 2,
405 3650 448 3703 49„
470 3648 496 3712 8,
510 3647 549 3701 15.
777 3648 845 3699 dant
855 3649 1016 3715 legionariis
1028 3648 1055 3704 li.
1072 3671 1095 3703 e.
1111 3652 1228 3709 Moesici
1242 3658 1315 3711 auxi·

233 3727 261 3771 et
269 3719 433 3787 Vipstanus.
459 3714 735 3788 Respiciamus
777 3715 856 3771 liures
868 3715 972 3771 militiis
985 3720 1135 3791 aequabant
1150 3719 1315 3806 leqionan‘os

198 3804 262 3842 niis.
302 3788 393 3844 Cottii
411 3787 473 3841 libri
495 3794 567 3840 setta
582 3792 610 3841 st
630 3784 736 3852 ἥρω-
793 3783 846 3837 Die
858 3784 990 3854 Dienste,
1009 3790 1215 3845 coelaliesi'eim
1224 3794 1317 3850 Felde

200 3874 261 3911 nas.
277 3856 313 3912 cl.
326 3867 383 3910 iiot.
397 3855 430 3910 sil
446 3855 508 3910 c.9.
723 3876 725 3881 ·
789 3853 913 3921 eisteten,
927 3857 1040 3909 stellten
1053 3859 1317 3918 disselbendenle·

140 3952 143 3957 ·
232 3929 404 3996 adsequitur.
439 3918 486 3977 Sic
496 3921 556 3976 MS.
570 3920 645 3976 Plor.
661 3922 733 3989 (test.
775 3925 967 3989 qi'onsoldaten
984 3926 1093 3996 gleicli).
1133 3926 1236 3984 Eadem
1255 3933 1317 3988 sem

157 4028 162 4037 κ
198 3994 285 4064 Vici.)
299 3991 421 4065 ed.Spir‚
437 4020 471 4033 -
506 3994 664 4060 assequitur
673 3989 734 4044 MS.
776 3992 906 4044 sententia
919 3991 989 4049 inest
1003 3993 1153 4066 scripturae
1162 3996 1317 4057 Puteolani.

199 4061 292 4117 Guett.
307 4061 367 4117 edd.
380 4059 443 4115 Pui.
457 4060 519 4115 Ber.
535 4077 595 4131 sqq.
778 4059 878 4112 Gtona
888 4061 1004 4115 militiae
1014 4062 1051 4117 ibi
1065 4073 1104 4118 est
1115 4068 1169 4119 der
1180 4071 1327 4142 gistella]

234 4148 304 4198 quas
325 4130 442 4183 militiae
461 4128 623 4195 legionariis
642 4144 734 4197 quan-
775 4128 851 4182 ilites
862 4126 1006 4186 Dienstes.
1040 4130 1109 4187 Sunt
1122 4144 1213 4189 tamen
1226 4140 1274 4220 qui
1291 4153 1318 4197 et

199 4215 284 4264 quom
311 4201 417 4266 raptim
441 4202 538 4251 danos
563 4199 734 4266 aequabant.
773 4194 858 4281 ¹liodie
877 4197 907 4250 in
925 4195 987 4254 loco
999 4198 1125 4274 haereant
1137 4204 1319 4278 confugiam.
