2792 4609
171 165 930 338 4233,1:3.·2·'31111‚S³³QRIAR11M
1090 210 1230 308 11ςῇ

169 345 291 424 Vindiais
305 378 332 424 et
345 368 441 424 secutis
456 368 519 420 iude
533 367 675 422 discordiis
690 368 761 422 inter
775 366 891 444 legiones
905 377 930 421 et
944 366 1047 423 Gallos.
1083 368 1123 425 52.
1137 367 1180 422 58.
1197 367 1280 421 Vitel-

169 440 222 493 liu‘a
234 456 284 493 auo
298 438 407 507 ingenio
421 436 534 508 ignavus
546 437 579 491 ad
597 456 640 489 res
654 455 737 490 novas
750 437 902 490 stimulatur
916 457 930 489 a
945 435 1056 489 Valente
1068 448 1095 489 et
1108 438 1222 491 Caecina
1241 436 1279 490 le·

204 508 244 561 tis.
279 507 321 561 54.
336 507 378 559 55.
399 506 528 578 Legiones
550 507 690 577 utriusque
711 504 875 560 Germaniae
896 503 976 559 fidem
999 504 1026 556 in
1047 502 1161 558 Galbam
1183 516 1282 559 eruunt

203 612 212 630 .
228 577 302 646 segni
316 585 465 646 spectatore
481 573 638 627 Hordeonio
655 574 752 628 Flacco
765 572 861 644 legato.
885 575 939 627 57.
959 572 1057 627 Valens
1074 573 1213 627 Vitellium
1228 574 1278 627 im·

168 649 319 717 peratorem
344 642 493 698 consalulat
516 661 613 713 magno
635 643 751 696 militum
771 643 875 705 studio,
916 644 957 697 58.
982 643 1078 712 quibus
1105 642 1279 712 poscentibus

168 712 245 768 niulti
271 713 351 767 caesi.
399 711 439 766 59.
473 707 556 764 lulius
580 709 671 764 Civilis
697 710 848 781 periculum
873 711 971 764 evadit.
1024 711 1151 780 Undique
1176 712 1279 765 viribus

167 793 274 837 auctus·
291 782 333 835 60.
354 782 425 834 inter
447 779 540 834 suedas
554 779 705 861 legatorum
720 778 867 832 discordias
891 781 932 834 61.
953 780 1021 832 duos
1038 779 1168 832 exercitus
1187 782 1216 834 in
1230 781 1279 832 lta·

167 850 231 906 liam
250 849 342 906 mittit.
375 850 418 902 62.
434 847 545 919 'Torpet
558 848 699 913 Vitellius,
722 847 803 900 ardor
817 858 841 899 et
857 846 896 902 vis
911 847 1026 900 militum
1043 847 1114 900 ultro
1128 848 1205 903 ducis
1220 868 1278 900 mu·
1337 909 1342 919 Ι

168 921 212 980 nia
226 919 327 990 implet.
362 917 404 971 63.
425 917 522 972 Subito
535 916 627 970 surore
641 925 781 987 correptus
795 914 872 970 miles
886 917 919 970 ab
935 916 1037 970 excidio
1051 916 1186 970 Divoduri
1200 935 1278 988 aegre

168 998 314 1059 temperat.
349 985 451 1041 Gallias
470 995 560 1039 terror
581 985 691 1042 invadit.
726 984 770 1037 64.
790 983 900 1037 Vitellio
919 983 1073 1037 adhaerent.
1108 985 1278 1057 malugin-

168 1075 264 1111 nenses
279 1075 308 1109 ea
320 1066 412 1112 vetere
426 1054 490 1107 odio
504 1054 601 1107 milites
617 1056 646 1107 in
660 1055 831 1108 eversionem
844 1052 1039 1106 Viennensium
1055 1053 1212 1124 impellunt:
1235 1053 1278 1107 66.

167 1125 210 1178 isti
234 1135 323 1179 tamen
348 1123 428 1178 donis
471 1119 593 1189 lacantur
617 1135 644 1175 et
669 1122 804 1194 precibus.
852 1121 972 1176 Valentis
996 1122 1105 1176 avaritia
1131 1134 1155 1175 el
1183 1123 1287 1176 libius„

166 1193 211 1252 67.
225 1193 267 1246 68.
287 1191 422 1246 Helvetios
438 1141 538 1244 iiitellii
561 1191 703 1262 imperium
722 1190 869 1244 abnuentes
889 1191 1001 1245 Caecina
1023 1191 1086 1244 belli
1106 1191 1201 1246 avidus
1218 1209 1279 1245 cae·

168 1264 216 1316 dit.
258 1262 300 1315 69.
327 1261 489 1315 Aventicum
510 1279 587 1332 aegre
607 1259 796 1331 impunitatem
816 1260 981 1327 salutemque
1003 1260 1136 1331 impetrat.
1178 1261 1220 1314 70.
1246 1260 1278 1311 ln

167 1330 268 1384 Vitellii
284 1323 372 1401 partes
386 1339 549 1398 transgressa
566 1327 653 1381 llaliae
667 1337 742 1400 parte
757 1327 872 1381 Caecina
888 1328 968 1399 Alpes
983 1337 1099 1399 superat.

267 1411 311 1463 71.
334 1409 409 1463 Otho
427 1409 573 1482 prudenter
592 1430 619 1462 se
640 1411 723 1480 gerit:
747 1408 836 1461 Mario
850 1408 929 1468 Celso
943 1410 1066 1479 ignoscit.
1101 1409 1145 1464 72.
1164 1410 1276 1483 Tigelli·
1301 1463 1307 1470 ,

117 1495 122 1507 ’
153 1499 218 1535 ·nus
235 1477 364 1533 infamem
384 1480 468 1534 vitatu
487 1479 556 1533 exitu
573 1477 717 1531 inhonesto
736 1477 836 1531 loedat.
872 1478 914 1535 73.
934 1477 1030 1531 Galvia
1046 1477 1198 1551 Crispinilla
1213 1498 1276 1533 curn

168 1551 238 1604 mala
252 1547 370 1601 Othonis
389 1546 459 1601 fama
479 1547 601 1618 periculo
620 1558 746 1628 exempla.
781 1545 822 1599 74.
843 1546 984 1619 Principes
1002 1559 1097 1600 mutuo
1113 1549 1164 1602 sili
1183 1549 1276 1601 condi·

167 1617 255 1672 tiones
268 1617 403 1678 oll'eruut,
421 1635 482 1668 moa
497 1616 611 1669 rixantes
624 1615 723 1686 flagitia
737 1612 852 1668 invicem
865 1617 1000 1670 obiectant
1011 1626 1036 1668 et
1053 1616 1096 1669 76.
1111 1616 1278 1671 insidiatores

166 1685 325 1741 immittunt.
359 1685 401 1737 76.
419 1684 560 1739 Distractis
574 1684 644 1736 inter
658 1695 803 1756 utrumque
817 1684 978 1739 exercitibus
995 1703 1026 1737 ac
1041 1685 1187 1757 provinciis
1202 1685 1276 1738 bello

167 1773 245 1838 opus.
280 1754 321 1807 77.
347 1751 422 1807 Otho
437 1753 628 1826 imperatorem
643 1752 711 1822 agit.
736 1752 868 1816 honores,
891 1752 935 1807 78.
950 1754 1101 1815 civitatem,
1125 1755 1184 1807 iura
1198 1752 1277 1809 dilar-

155 1836 252 1896 ‘gilurt
270 1823 304 1876 de
319 1821 479 1876 celebranda
494 1822 609 1888 Neronis
624 1823 755 1874 anemoria
768 1821 858 1892 agitat.

222 1929 229 1944 ·
267 1904 311 1961 79.
329 1905 466 1960 Sarmatae
480 1904 611 1958 Roxolani
626 1904 759 1958 Moesiam
774 1904 960 1978 inrumpentes
974 1906 1053 1962 caesi.
1089 1908 1212 1963 80-82.
1231 1911 1279 1965 Se·

166 1974 232 2030 ditio
249 1974 338 2046 gravis
357 1976 384 2028 in
404 1974 459 2044 ipsa
477 1973 543 2026 urbe
559 1983 660 2026 temere
674 1983 735 2026 orta
749 1992 811 2028 eum
826 1993 924 2046 magno
939 1986 1014 2030 aneta
1028 1988 1109 2047 atque
1120 1978 1277 2033 discrimine

165 2045 315 2116 primorum
331 2041 445 2098 civitatis
477 2043 583 2096 recibus
595 2052 622 2095 et
634 2040 753 2104 lacrimis
765 2041 884 2098 Othonis
898 2063 960 2098 com
982 2043 1090 2111 onitur,
1115 2048 1160 2118 qui
1176 2047 1275 2101 8984.

165 2112 263 2166 milites
286 2112 319 2184 ad
345 2129 448 2166 concor
469 2114 521 2164 iam
545 2123 571 2164 et
596 2110 757 2164 modestiam
780 2112 912 2167 hortatur.
958 2065 1002 2167 85.
1033 2114 1092 2169 lstis
1117 2115 1276 2188 compositis

164 2182 460 2302 ananiasuppicionum
481 2189 507 2234 et
526 2177 793 2262 formidinisplenna,
818 2179 963 2304 piaccipuo
984 2192 1090 2255 patrum
1109 2196 1196 2239 metu.
1230 2184 1274 2238 86.

341 2247 429 2301 ““’““’
446 2247 553 2302 ⁰¹³³‘m
571 2249 1277 2378 Ρ”““’1”.ῗ’.11.“...1111111111111Γ1111111111ῗὶ

165 2249 353 2374 16611111Ιὶ56]
372 2317 480 2388 adgredi
499 2327 591 2370 statuit
605 2328 629 2369 et
645 2318 661 2368 8

166 2386 233 2440 nauli
254 2387 476 2468 fratremsewm
497 2386 580 2467 ducit.
615 2385 661 2437 89:
677 2385 823 2468 lndeyarii
837 2388 991 2442 animorum
1002 2401 1100 2468 motus<
1133 2392 1177 2447 90.
1192 2390 1275 2445 Com·

165 2455 289 2509 mandata
298 2453 425 2576 genilius
444 2454 595 2524 republica
608 2452 682 2506 Otho
696 2453 802 2510 festinat
814 2458 847 2510 ad
863 2457 975 2511 bellarm
1009 2457 1135 2516 Trachali
1147 2462 1275 2532 eloquen-

165 2523 200 2576 tia
221 2542 285 2576 usus
328 2522 386 2583 tho,
410 2523 438 2577 in
457 2541 539 2595 quern
556 2513 642 2577 studia
660 2533 687 2577 et
706 2542 785 2578 voees
806 2527 889 2597 vulgi.
923 2524 1007 2581 Gesta
1020 2526 1087 2583 haec
1099 2530 1192 2602 paucis
1202 2548 1275 2583 meu·

165 2591 240 2646 sibus

150 2679 153 2688 ·
241 2631 989 2722 ⁹tirannus.eltr.1suarr.u11ltocota.

572 2846 880 2864 m

264 2997 291 3073 t
342 2961 494 3070 lanium
530 2996 623 3070 mihi
656 3004 774 3095 opera
805 2995 950 3076 sarnus
983 3003 1101 3078 unm
1134 3008 1275 3093 asma,

164 3099 209 3175 T.
231 3097 362 3174 Vinius
389 3102 551 3172 consules
572 3118 684 3176 erunt.
744 3127 827 3176 nam
849 3123 927 3209 post
950 3108 1130 3180 conditam
1147 3112 1274 3181 urbem

341 3267 396 3374 ¹.
469 3277 997 3377 connnur'anrusf

197 3430 265 3484 Car.
292 3433 316 3485 1.
351 3429 474 3487 Seebode
499 3431 538 3499 (in
561 3432 697 3488 Observa.
740 3445 878 3500 ratarum,
901 3454 1033 3509 necopus
1045 3447 1116 3498 erat.
1140 3448 1171 3493 ut
1183 3438 1274 3494 denuo

162 3519 205 3581 ann.
228 3499 302 3553 1812.
321 3519 384 3580 cum
403 3500 544 3621 Apricolae
557 3501 619 3554 Vita
637 3503 698 3585 edi·
740 3503 767 3558 id
781 3505 878 3590 lectori
892 3505 1085 3588 inculcaretur.

117 3609 120 3622 “
161 3568 698 3719 {lllltll‘llaliltlllil’lll
739 3651 765 3695 a
775 3576 1010 3715 111ᾙῖ1111
1018 3574 1093 3697 iiii
1094 3575 1180 3698 'mii‘
1195 3577 1272 3634 ¹⁸⁶⁴
1309 3699 1318 3714 J

161 3706 257 3759 derant
303 3706 696 3765 uretruerbaabdcrdalioad
772 3710 886 3766 Seruius
900 3711 935 3766 G.
969 3711 1016 3767 Sic
1029 3712 1089 3774 MS,
1107 3713 1197 3769 Guelf.
1211 3714 1274 3770 edd.

159 3773 186 3827 h.
209 3774 227 3827 l.
252 3793 358 3826 memor
374 3783 410 3827 ta.
454 3774 576 3829 Resarcit
603 3776 696 3832 locum
738 3779 801 3833 Pul.
816 3799 876 3853 sqq.
897 3781 1027 3848 (cumsil.
1045 3781 1133 3853 Vict).
1166 3785 1275 3840 Seruus

160 3841 214 3896 sies
229 3842 328 3907 Ρυρυὶί
334 3792 460 3897 [Omani
471 3861 518 3897 rea
528 3844 695 3917 (Historias)
741 3850 833 3902 caua
852 3850 927 3903 eds
947 3849 979 3903 ir.
999 3850 1043 3904 laic
1062 3862 1089 3905 et
1106 3851 1169 3906 inl'r.
1188 3871 1214 3906 c.
1228 3855 1271 3907 11.

162 3912 544 3993 επρπαζωοῄᾷιύπιυυᾘ
554 3923 606 3969 etc.
624 3913 697 3970 llaec
740 3919 775 3971 At
793 3868 1146 3973 stanislaum.
1177 3920 1272 3975 ciir-

160 3995 233 4059 emm
267 3990 442 4061 inscriptione
477 3981 602 4053 absorpta
638 4001 696 4038 esse
739 3996 868 4058 terpreles
883 3987 1004 4041 adSuel.
1019 3986 1100 4044 Galla.
1117 3991 1181 4044 ol.
1217 3990 1272 4044 Dio

160 4059 321 4118 suspicatur.
356 4051 427 4104 aas·
441 4048 520 4104 talem
539 4050 696 4124 inscriptio·
739 4055 780 4118 56,
791 4056 834 4109 29.
852 4057 893 4118 58,
904 4056 949 4110 20.
1126 4104 1128 4108 .

160 4133 223 4168 nem
237 4128 333 4171 auctor
348 4117 451 4189 posuit,
470 4117 533 4173 inde
544 4119 607 4176 mli·
621 4132 694 4193 pale·
773 4124 806 4177 T.
823 4125 931 4178 Vinius.
967 4125 1013 4181 ste
1030 4126 1181 4184 Murteae
1202 4149 1272 4185 con·

160 4185 204 4238 bat
216 4184 339 4242 historias
360 4205 387 4258 p.
402 4185 436 4246 lt..
454 4205 517 4240 eum
538 4207 595 4244 esse
613 4208 693 4244 anar-
738 4203 838 4247 rtanter
857 4196 927 4262 (test.
944 4194 1029 4265 Viot.)
1046 4206 1073 4250 et
1092 4196 1165 4253 edd..
1176 4199 1240 4253 inda
1257 4220 1272 4254 a
