2792 4609
167 210 305 314 1:853&
411 215 514 296 LlB.
539 215 603 294 lll.
650 214 767 304 CAP.
796 217 853 295 172
882 221 938 292 18.
1147 224 1224 296 277

114 370 211 446 baud
229 376 349 467 plures
363 396 471 467 quam
487 385 630 469 eentum
649 372 783 466 equites
798 373 965 446 restitere.
1017 372 1112 446 Iuvit
1126 378 1223 447 loeus¹

112 477 244 548 artiore
259 477 334 547 illic
349 476 406 544 via
423 486 458 544 et
471 474 587 549 fracto,
597 475 916 545 interfluentisrivi
932 488 1060 567 ponte,
1085 479 1148 571 qui
1158 481 1220 548 in-

112 593 208 649 certo
224 579 325 648 alveo
340 589 375 647 et
386 575 637 669 praecipitibus
656 576 744 667 ripis
763 578 883 666 lugam
902 577 1129 668 impediebat.
1180 605 1223 667 ea

111 681 298 751 necessitas
319 702 382 749 seu
401 680 545 748 fortuna
565 678 679 770 lapsas
700 678 770 746 iam
792 692 907 770 partes
918 679 1086 767 restituit.
1137 680 1218 752 Fir-

110 783 198 853 mati
211 782 304 852 inter
318 804 372 865 se,
397 778 515 849 densis
533 779 720 849 ordinibus
739 779 920 871 excipiunt
934 777 1144 851 Vitellianos
1165 798 1218 854 te·
1266 866 1272 874 .

108 885 207 975 mere
230 885 377 966 effusos,
416 894 521 974 atquc
544 881 599 949 illi
620 894 903 954 consternantur.
960 876 1139 955 Antonius
1161 886 1218 954 iu·
1263 960 1267 965 ,

108 1000 201 1057 stare
223 982 408 1077 perculsis,
439 995 595 1052 sternere
617 983 753 1054 obvios.
804 982 910 1053 simul
931 985 1057 1070 ceteri,
1081 998 1121 1055 ut
1140 986 1216 1057 cui·
1278 1040 1280 1047 .

107 1111 178 1181 que
198 1087 400 1177 ingenium,
428 1084 599 1176 spoliare,
631 1108 771 1176 capere,
802 1090 899 1153 arm'a
921 1108 1098 1180 equosque
1119 1089 1215 1157 abri-
1321 1114 1328 1127 ·

106 1213 202 1280 pere.
252 1204 287 1258 et
308 1186 410 1256 exciti
430 1204 599 1280 prospero
618 1187 789 1269 clamore,
815 1186 878 1280 qui
899 1189 1007 1257 modo
1025 1212 1090 1281 per
1113 1213 1215 1281 agros

104 1292 188 1381 suga
205 1288 435 1381 palabantur,
459 1287 628 1357 victoriae
642 1311 678 1357 se
692 1288 898 1360 miscebant.

207 1388 344 1462 XVIII.
369 1387 425 1461 Ad
443 1402 608 1483 quartum
623 1414 643 1458 a
658 1387 833 1459 Cremona
850 1388 1005 1479 lapidem
1017 1391 1147 1461 fulsere
1161 1393 1214 1461 le-

87 1493 253 1584 ,gionum
270 1496 388 1583 signa,
411 1490 565 1582 Rapacis
581 1505 685 1585 atque
700 1489 861 1576 Italicae,
886 1492 978 1560 laeto·
999 1492 1091 1563 inter
1112 1490 1213 1564 initia

59 1654 69 1673 .
105 1596 266 1690 equitum
286 1618 431 1666 suorum
452 1592 588 1686 proelio
608 1593 694 1663 illuc
713 1616 825 1688 usquc
845 1608 1030 1683 provectas
1070 1596 1129 1664 sed
1149 1596 1212 1665 ubi
1268 1640 1272 1661 .

103 1860 193 1925 Vter.)
211 1876 270 1942 sqq.
293 1815 355 1915 min
372 1854 454 1980 lipsii
474 1860 573 1980 prims.
607 1856 637 1911 ln
680 1854 722 1910 M.
737 1822 937 1914 etV.Beroaltl.
948 1859 1023 1926 (cum
1035 1858 1123 1913 silent.
1132 1857 1215 1928 vict.)

100 1928 251 2000 edd.l.ipsu
264 1929 405 2000 posteriori
426 1947 465 1991 us,
501 1924 638 1983 ichrut.
679 1926 740 1981 Alc.
775 1925 867 1981 ferunt
905 1928 1047 1993 pcriwlr's.
1112 1927 1212 1983 Eadem

78 1998 190 2068 ,sqql
225 1997 278 2050 'tur
295 1998 551 2060 transverberavit,
574 2013 637 2048 sne
680 1995 822 2065 utriusque
847 1995 974 2051 vocabuli
998 1995 1125 2051 confusio
1149 1996 1212 2052 alibi

101 2075 167 2123 vett·
184 2066 201 2119 li
223 2067 260 2120 ris
274 2085 330 2119 non
344 2065 485 2137 proditum
500 2074 548 2119 est.
582 2062 634 2115 Er·
679 2065 759 2137 etism
772 2073 820 2117 est.
839 2063 877 2118 ci.
891 2074 948 2117 not.
963 2065 997 2119 ad
1008 2063 1172 2131 bimatu.
1208 2098 1226 2108 u

99 2135 202 2189 nestius
211 2135 329 2207 priorem
341 2134 501 2206 scripturam
514 2132 638 2195 restituit,
713 2134 800 2184 scinu!
810 2134 911 2186 cereri.-
939 2133 990 2186 Ed.
1002 2132 1075 2206 Spir.
1087 2137 1175 2187 statui
1185 2145 1213 2187 et

100 2221 191 2273 neque
202 2212 320 2266 cst,cur
332 2213 483 2274 spernatur.
505 2201 635 2257 N'emAn.
678 2201 773 2255 ceteri.
899 2254 901 2259 ,
1137 2213 1141 2225 ’

101 2273 146 2336 11,
161 2270 203 2325 st.
226 2271 352 2343 legimus:
378 2269 458 2324 Satis
474 2278 586 2353 cpustat
604 2288 637 2324 oo
693 2258 821 2335 ‘copem
854 2265 918 2347 Mb.
934 2267 999 2340 Agr.
1019 2287 1128 2351 rapere.

97 2340 638 2472 amitttal‘gt‘it‘tad‘
679 2336 1212 2474 a.‘:t.''it.tft“2tt‘f‘1³..⁵¹t.l¹.⁵·vflt
1259 2378 1268 2386 '

135 2481 272 2535 restr'tcre.
306 2476 358 2530 Ed.
371 2477 444 2548 Spir.
460 2478 600 2529 resume.
679 2473 767 2529 ruald.
794 2480 871 2538 (cum
890 2474 978 2528 silent.
1001 2473 1084 2545 Vict.)
1101 2476 1162 2532 Alc.
1185 2487 1211 2530 et
1300 2486 1328 2525 ,’

134 2549 250 2600 artiore.
284 2544 331 2600 Sic
351 2544 395 2600 etl.
414 2543 486 2613 Spir.
514 2577 551 2589 -
584 2561 635 2597 ar·
677 2545 739 2599 dein
772 2541 848 2597 Picb.
872 2540 954 2613 lipsii
989 2553 1075 2614 postr.
1100 2545 1209 2600 Gruter.

99 2617 189 2673 co'ore
209 2615 270 2669 MS.
290 2612 382 2668 Guelf.
404 2613 466 2666 edd.
490 2612 553 2669 Put.
572 2628 634 2686 sqq,
676 2630 784 2682 sqq·
800 2628 903 2665 arma:
983 2612 1116 2679 quccd.S
1136 2614 1168 2667 ir.
1183 2646 1212 2660 -
1250 2656 1253 2663 .

6 2692 15 2698 '
99 2704 165 2742 cum
179 2683 267 2738 silent.
282 2681 405 2735 Victorii.
675 2699 778 2748 arana,
797 2698 883 2748 equos
930 2681 1042 2736 &Bau
1056 2681 1116 2736 edd.
1165 2702 1210 2738 eu.

135 2752 246 2819 effusos.
277 2750 421 2806 Meum.
430 2749 523 2818 susos.
676 2749 739 2804 Ald.
755 2750 784 2803 Li
805 2748 837 2803 sii
853 2750 964 2818 priores.
990 2751 1025 2792 ·-'
1059 2768 1142 2819 equor
1159 2768 1210 2804 ar·

133 2831 218 2891 atque
229 2821 273 2872 illi
282 2829 506 2873 consternantur.
534 2817 633 2871 Forma
675 2768 851 2885 maqueltts.
867 2816 955 2871 Guelf.

97 2898 317 2944 consternantur
329 2898 408 2941 exstat
422 2889 451 2939 in
463 2885 548 2940 MSS:
558 2885 633 2938 Flor.
708 2887 845 2952 abripere.
880 2886 925 2940 Sic
937 2882 998 2939 MS.
1012 2883 1103 2941 Gucll.
1126 2888 1153 2956 (a
1165 2908 1211 2943 se-
1249 2908 1257 2917 ‘

109 2966 169 3013 test.
190 2957 262 3010 vict.
282 2975 344 3009 cum
361 2952 458 3028 Ryct.)
478 2954 550 3007 Bud.
565 2952 632 3024 Reg.
675 2954 764 3008 minda
785 2955 879 3024 manu)
899 2953 961 3007 edd.
982 2952 1046 3009 Put.
1062 2975 1122 3028 sqq.
1145 2972 1209 3012 cum

157 3026 174 3081 Ι.
195 3025 246 3079 les.
265 3022 356 3078 Guett.
378 3025 440 3079 edd.
456 3022 527 3094 Spir.
546 3020 633 3075 Rben.
675 3021 918 3078 silentioVictorii.
944 3054 980 3067 -
1014 3027 1146 3089 arripere
1164 3026 1208 3080 sd.

96 3095 191 3167 Μὰρ
211 3114 238 3164 q.
258 3120 290 3135 -·
308 3102 540 3147 renumerantur
552 3088 633 3144 MS&
674 3091 746 3162 Spir.
765 3102 792 3146 et
810 3090 847 3145 ita
865 3090 916 3145 fuit
940 3088 970 3144 in
993 3093 1056 3147 cod.
1076 3092 1169 3149 (iucif.
1192 3114 1207 3148 a

97 3113 216 3223 boati
237 3182 262 3217 r.
281 3160 343 3216 odd.
356 3162 420 3215 Put.
433 3161 473 3214 M.
488 3170 514 3213 et
527 3158 561 3213 V.
576 3158 632 3211 Bc·
674 3159 763 3231 prima
773 3179 866 3214 mauu.
883 3159 917 3214 cl.
931 3169 991 3213 not.
1003 3160 1036 3213 ad
1050 3161 1150 3229 lusca,
1162 3160 1206 3216 86.

97 3231 185 3287 roald.
194 3183 368 3285 Ill-Pro
379 3230 425 3283 titt
435 3227 516 3283 MSS.
531 3238 558 3283 et
570 3226 631 3282 edd.
709 3237 736 3281 ct
754 3229 847 3282 exciti.
882 3228 930 3291 Sic
944 3227 1027 3281 MSS.
1040 3229 1114 3282 Flor.
1128 3231 1212 3350 gest.¹

97 3311 160 3356 ante
173 3299 259 3353 Rhea.
278 3317 372 3353 omues
391 3299 483 3352 ferunt
499 3299 568 3358 r'llt‘c.
592 3295 630 3350 ul·
673 3295 760 3365 met.)
779 3295 818 3349 Re
837 3335 844 3350 .
862 3295 946 3351 Corb.
965 3295 1027 3350 cdd.
1042 3297 1113 3369 Spir.
1153 3297 1207 3355 iob.

98 3373 164 3423 tima
185 3367 272 3421 littera
293 3384 309 3420 e
333 3367 455 3438 proximo
479 3365 565 3423 verbo
591 3373 631 3418 at·
674 3364 786 3420 Gruter.
828 3383 934 3435 ernegg.
948 3380 1008 3485 qu.
1033 3396 1068 3409 -
1103 3364 1144 3419 Co
1163 3366 1218 3423 ula,
1256 3424 1259 3434 ι

96 3447 193 3493 tracta.
228 3437 416 3491 liberanusex
434 3433 544 3506 iugenio
562 3431 631 3487 illud
673 3445 700 3488 et
722 3432 855 3486 omittitur
874 3432 903 3485 iu
922 3433 955 3485 M
975 3433 1004 3486 S.
1024 3430 1115 3488 Guell'.
1159 3435 1207 3490 arl.

94 3507 190 3560 vitium
202 3504 316 3560 sustulit.
350 3501 514 3557 Commenta
527 3521 631 3561 corum,
672 3500 754 3556 Botll.
770 3503 816 3555 les.
829 3499 897 3553 But.
911 3502 972 3555 edd.
985 3500 1045 3556 Pur
1056 3501 1119 3571 Ber.
1131 3504 1206 3573 (cum

96 3573 144 3647 qui
161 3572 310 3629 secuudum
324 3570 444 3626 Gellium
458 3574 499 3636 10,
511 3568 556 3624 29.
570 3587 631 3623 cen·
672 3570 759 3626 silent.
773 3569 857 3638 Vict.)
870 3568 958 3624 Alos
978 3588 1006 3640 q.
1019 3571 1052 3624 ad
1069 3571 1144 3627 Picb.
1260 3618 1262 3629 .

96 3654 159 3699 sent
182 3653 267 3711 atque
290 3640 335 3695 bic
359 3640 381 3696 si
402 3640 511 3694 nificare
532 3638 631 3691 statim
703 3640 888 3706 palabantur.
997 3681 1003 3692 .
1027 3638 1118 3696 Guetf.
1143 3643 1204 3697 edd.

29 3730 33 3737 ’
98 3711 147 3780 (cf.
163 3710 185 3765 l.
199 3711 245 3765 Fr.
260 3709 346 3763 Gron.
368 3660 402 3764 ai
416 3710 442 3763 h.
458 3708 478 3763 Ι.
493 3718 520 3761 et
532 3706 629 3760 Rama·
673 3705 735 3761 Pur.
748 3707 790 3761 Μ.
805 3716 831 3760 et
845 3705 877 3761 V.
892 3710 1086 3774 pellabantur.

2 3836 4 3844 ,
96 3783 179 3836 born.
197 3777 247 3833 Gr.
267 3800 293 3851 p.
308 3778 393 3847 528),
416 3796 467 3850 ego
488 3795 545 3843 ηομ
566 3776 629 3829 sub·
707 3793 738 3830 ss
767 3777 930 3830 miscebant.
977 3776 1025 3833 Ed.
1055 3774 1127 3849 Spir.
1157 3796 1206 3855 sup

94 3850 196 3906 scribo.
232 3848 300 3900 Nam
314 3846 393 3900 habet
407 3865 437 3905 ea
455 3842 586 3916 particula
604 3853 631 3897 et
673 3844 833 3898 mucetum.
1092 3868 1096 3878 .

93 3918 140 3975 bic
151 3937 228 3972 suam
241 3914 311 3979 vim,
328 3925 357 3967 ut
368 3933 430 3969 curn
463 3912 631 3966 raecedenti·
708 3911 774 3967 Cae.
783 3915 824 3966 18.
841 3911 1019 3968 tsCrcmona.
1043 3914 1104 3974 MS.
1113 3913 1204 3969 Guell.

96 3989 149 4041 bur
160 3986 321 4053 coniungat,
336 3986 404 4053 qu'ae
414 4002 429 4037 a
441 3934 546 4036 tibersa
559 3991 633 4052 parte
674 4001 689 4035 e
702 3982 853 4034 Cremona.

96 4056 168 4109 lacta
182 4064 261 4108 suntr
279 4049 344 4109 nibil
358 4051 482 4122 amplius.
700 4046 818 4117 fulsere.
831 4048 1084 4123 Ed.Spir.firlxcre.
1105 4052 1205 4117 luced.

129 4123 273 4191 perculsas.
327 4119 366 4174 lta
399 4120 480 4174 tacite
511 4116 640 4183 Rhenan.
675 4115 1087 4188 Guelijulsereestrsecuoda
1100 4140 1190 4176 manu.

97 4211 157 4264 uqq.
177 4220 212 4237 -·
246 4186 408 4246 Msuustt.
422 4185 632 4259 cdd.Spir.Put.
709 4196 852 4252 provecta.
877 4192 936 4243 scd.
970 4187 1031 4243 MS.
1047 4189 1121 4245 Flor.
1137 4191 1207 4271 (test.
