2792 4609
110 1109 134 1170 c
279 991 1073 1141 e.donnnn11nA01n1

18 1165 1181 1319 -‘u1s-T0·R1ARUM

382 1407 387 1416 '
439 1426 600 1496 mnan
649 1343 905 1512 Qnanrus

344 1753 348 1761 ’
392 1757 753 1824 nnnmninn
792 1758 958 1836 mnan

226 1891 294 1947 Cte.
318 1895 342 1948 1.
376 1891 524 1946 Interfecto
543 1888 657 1948 Vitellio
683 1888 782 1944 milites
803 1889 923 1945 Flaviani
948 1890 976 1944 in
1001 1891 1071 1945 urbe
1092 1896 1226 1954 saeviunt.
1332 1897 1335 1906 '

121 1961 150 2014 2.
168 1959 340 2015 Domitianus
354 1979 453 2014 nomen
465 1961 610 2032 sedemque
622 1958 743 2014 Caesaris
755 1970 849 2014 nactus
862 1957 999 2014 adulteriis
1017 1960 1105 2016 filium
1120 1965 1226 2036 princi.

121 2030 164 2101 pis
182 2029 250 2101 agit.
284 2028 314 2084 la.
333 2030 457 2084 Vitellius
476 2029 647 2084 interficitur.
682 2027 709 2082 8.
728 2027 873 2100 Campania
893 2029 1043 2110 composita
1061 2030 1226 2105 Vespasiano

122 2108 230 2154 senatus
248 2100 421 2154 consulatum
441 2117 503 2152 cum
517 2097 579 2151 Tito
598 2096 671 2166 filio,
694 2108 847 2167 praeturam
862 2097 1022 2151 Domitiano
1040 2109 1067 2152 et
1085 2102 1227 2160 eomulm

122 2167 268 2237 imperium
281 2166 409 2223 decernit.
443 2168 468 2220 l.
489 2166 627 2229 Muciani,
649 2165 776 2229 Antonii,
799 2176 952 2219 ceterorum
966 2165 1098 2222 bonores.
1133 2170 1227 2226 Resti-

124 2235 217 2290 tuendi
231 2235 357 2307 Capitolii
376 2235 529 2290 consilium.
564 2234 700 2289 libertati
713 2232 832 2288 consulit
844 2232 988 2294 Helvidius
1000 2234 1125 2298 Priscus,
1148 2242 1227 2296 cuius

123 2305 150 2359 ⁵.
169 2306 221 2359 vita
240 2314 267 2358 et
286 2323 390 2367 mores,
413 2305 501 2359 6-8.
515 2313 615 2360 etcum
628 2303 711 2373 Eprio
726 2301 857 2356 blancello
869 2321 933 2356 acre
944 2303 1062 2385 iurgium
1082 2304 1116 2359 de
1134 2306 1228 2380 legatis

99 2375 105 2382 “
123 2373 158 2430 ad
177 2373 493 2445 principem'mittendis.
526 2371 554 2425 9.
570 2371 614 2425 De
627 2370 754 2442 impensis
768 2371 883 2442 publicis
897 2370 1037 2426 dusmiso.
1072 2375 1115 2430 1⁰.
1127 2376 1227 2433 Muso-

123 2444 187 2498 nius
206 2441 295 2497 Rufus
313 2442 342 2494 in
360 2440 391 2494 P.
408 2440 531 2496 Celerem
550 2439 697 2495 invehitur.
737 2443 778 2494 11.
803 2440 949 2494 Mucianus
971 2444 1068 2496 urbem
1091 2445 1119 2498 in
1169 2466 1228 2503 esus

123 2522 223 2570 cuncta
236 2511 265 2564 in
284 2530 313 2565 se
329 2511 424 2570 trabit,
450 2508 526 2582 Calp.
537 2507 711 2565 Galerianum
729 2507 805 2563 caedi
824 2520 913 2573 curat,
931 2509 1085 2566 Asiaticum
1101 2513 1119 2567 l·
1141 2526 1229 2572 artum

123 2578 362 2703 semilisupplicio
376 2578 459 2633 tollit.
718 2646 724 2659 .
825 2646 832 2660 ·
1102 2625 1106 2636 .

228 2652 267 2705 12.
310 2648 462 2703 ermanicae
481 2647 564 2703 cladis
578 2646 659 2700 fama.
692 2645 758 2699 Eius
769 2645 834 2700 belli
848 2665 927 2702 causa
943 2649 973 2701 in
981 2648 1086 2704 Batavis
1103 2650 1147 2707 18.
1160 2652 1229 2710 duce

124 2718 241 2777 Claudio
255 2717 351 2774 Civile.
389 2715 512 2772 14-16.
534 2718 560 2770 ls
574 2716 689 2770 Batavos
704 2715 907 2782 Canninefates,
924 2717 1027 2771 Frisios
1041 2720 1152 2782 excitat,
1169 2729 1227 2777 sta·

123 2790 173 2846 tim
190 2788 269 2851 dolo,
293 2806 356 2839 mox
375 2795 466 2860 aperta
484 2784 514 2842 vi
531 2783 670 2839 Romanos
687 2794 805 2855 superat.
841 2784 883 2837 17.
902 2785 1041 2860 Victoriae
1060 2788 1139 2842 huius
1155 2789 1229 2847 fama

124 2870 215 2913 motae
229 2857 390 2912 Germaniae
403 2853 499 2908 auxilia
513 2855 630 2907 offerunt
641 2850 735 2912 Civili,
790 2853 799 2905 i
812 2864 838 2906 et
850 2850 998 2907 Galliarum
1009 2856 1166 2912 societatem
1178 2860 1229 2915 ad-

123 2926 217 2981 fectat.
258 2925 300 2980 18.
322 2923 471 2977 Hordeonii
489 2922 579 2976 Flacci
601 2918 722 3001 segnitia.
783 2922 828 2975 icti
847 2922 964 2976 Romani
984 2922 1012 2976 in
1031 2924 1127 2981 Vetera
1144 2940 1231 2983 castra
1327 2961 1355 2986 ,ι

87 3029 92 3040 ·
123 2995 242 3065 fugiunt.
278 2993 321 3048 19.
340 2992 506 3048 Batavorum
519 3002 546 3044 et
557 2988 773 3044 Canninefatium
787 2989 911 3044 cobortes
928 2992 1002 3045 iussu
1015 2992 1117 3048 Vitellii
1139 2998 1168 3050 in
1184 3017 1229 3052 ur·

124 3066 188 3119 bem
201 3073 340 3135 pergentes
355 3075 436 3116 curru
458 3071 513 3124 tae,
537 3057 622 3120 Civili
639 3058 788 3128 iunguntur
804 3068 831 3112 et
846 3061 890 3113 20.
904 3059 1041 3115 Bonnensi
1054 3064 1158 3135 proelio
1172 3067 1230 3121 Ro·
1298 3107 1300 3114 .

126 3150 271 3188 manorum
283 3128 368 3184 aciem
381 3145 430 3202 per
442 3129 484 3181 rin
523 3138 561 3183 nt.
584 3128 629 3181 21.
647 3124 743 3179 Civilia
755 3128 861 3182 consilii
874 3128 1016 3200 ambiguus
1029 3150 1094 3185 suos
1104 3132 1134 3186 in
1147 3136 1230 3191 verba

126 3200 181 3254 Ves
202 3198 284 3254 asiani
303 3199 400 3270 adigit,
423 3198 492 3251 hosti
504 3198 529 3251 ia
548 3196 653 3252 velans:
676 3196 722 3249 22.
734 3194 778 3249 28.
798 3215 862 3250 mox
880 3197 978 3251 Vetera
996 3198 1101 3255 obsidet
1119 3201 1229 3258 frustra.

125 3270 170 3324 24.
219 3308 226 3321 .
242 3267 417 3321 Hordeonius
428 3265 540 3321 Flaccus
555 3264 687 3320 seditione
699 3263 869 3319 conflictatus
880 3284 1014 3321 summam
1025 3285 1118 3322 rerum
1131 3270 1227 3330 Vocu.

128 3339 170 3391 lae
188 3336 326 3410 permittit.
358 3329 403 3390 26.
414 3335 458 3389 27.
477 3335 548 3389 Huic
560 3333 667 3389 additus
679 3333 833 3387 Herennius
846 3333 947 3402 Gallus¹
954 3354 985 3390 re
996 3336 1067 3391 male
1081 3350 1153 3410 gesta
1168 3361 1231 3397 ver.

125 3407 244 3461 beratur.
277 3404 354 3458 Nova
373 3403 478 3460 seditio.
510 3403 635 3458 28-80,
653 3401 749 3457 Civilis
764 3403 903 3457 immensis
916 3405 1040 3460 auctibus
1055 3407 1089 3461 ab
1106 3409 1231 3465 universa

128 3474 274 3558 Gprmania
293 3474 376 3528 elatus
394 3472 530 3556 pbsidium
549 3472 681 3528 Veterum
698 3480 791 3544 urget,
816 3471 905 3526 Ubios
922 3483 1007 3531 vexat.
1042 3472 1122 3533 Varia
1141 3490 1232 3536 certa.

127 3563 209 3599 mana.

226 3610 270 3668 81.
291 3610 426 3666 Nunciato
440 3608 620 3666 Cremonensi
638 3611 746 3683 proelio
764 3609 860 3664 auxilia
876 3609 1020 3666 Gallorum
1034 3612 1171 3671 aVitellio
1187 3620 1231 3675 de·

127 3684 254 3737 sciscunt.
289 3681 358 3735 Suos
370 3697 479 3751 quoque
484 3678 658 3733 Hordeonius
670 3676 862 3751 inVespasiani
874 3681 957 3737 verba
968 3680 1010 3735 adi
1030 3682 1049 3734 't
1061 3683 1228 3743 haedinum,

127 3751 170 3806 82.
189 3749 234 3804 Ad
246 3748 358 3805 Civilem
377 3748 477 3803 missus
487 3749 649 3811 Montanus,
671 3759 702 3800 ut
722 3766 737 3800 a
755 3747 828 3802 bello
844 3747 971 3803 absistere
990 3749 1017 3803 iu
1037 3762 1094 3816 eat,
1116 3754 1150 3808 ab
1170 3754 1230 3839 ipso

127 3829 255 3875 tentatur.
290 3817 334 3873 88.
347 3815 391 3872 84.
407 3814 476 3871 Cum
489 3815 594 3871 Vocula
611 3816 735 3888 confligit
752 3815 845 3882 Civilis
864 3816 940 3875 vario
961 3828 1077 3884 aventu,
1099 3841 1156 3876 non
1172 3843 1230 3878 sane

127 3890 183 3943 utri
253 3907 269 3941 e
288 3886 366 3943 ducis
381 3884 426 3940 cul
447 3904 471 3938 a.
507 3884 551 3939 88.
569 3884 675 3940 Vocula
692 3883 762 3940 male
780 3886 864 3940 utitur
883 3886 1004 3942 victoria.
1039 3887 1138 3944 Vetera
1156 3894 1231 3947 obsi-

42 4007 48 4034 ,
128 3959 210 4013 dione
230 3959 326 4018 aberat.
359 3953 403 4009 86.
423 3904 517 4011 Ciuilis
526 3952 680 4009 Geldubam
691 3954 774 4027 capit.
810 3953 925 4010 Romani
937 3956 1035 4010 milites
1042 3957 1229 4015 Hordeonium

129 4036 235 4081 necant.
269 4021 374 4078 Vocula
395 4043 444 4096 per
461 4025 583 4080 tenebras
600 4022 698 4083 evadit.
734 4022 777 4077 87.
795 4022 861 4077 Mox
879 4024 996 4082 aCivile
1012 4027 1128 4097 superati
1139 4028 1229 4086 Vocu-

128 4097 183 4150 lam
202 4094 292 4149 denuo
311 4099 476 4164 sequuntur,
517 4110 619 4148 uocum
638 4091 777 4148 obsidione
791 4091 992 4166 Magontiacum
1005 4092 1131 4150 liberant.
1165 4096 1231 4155 Tre·

130 4163 188 4221 veri
197 4181 273 4220 nunc
285 4161 346 4222 fidi,
365 4180 426 4218 mox
438 4113 560 4219 abdiu.
