2792 4609
291 883 1085 1018 e.couuenrrrsc1r1

186 1041 1225 1214 ursrourauuu

391 1361 394 1366 ¹
480 1283 637 1353 ursan
689 1287 892 1359 rasurus.

126 1461 1233 1506 Q

403 1607 762 1670 BllEVlARlUM
804 1618 968 1677 LtBttt.

234 1724 303 1779 Cas.
319 1729 345 1780 1.
379 1725 548 1782 Praelamen.
585 1732 703 1786 auctoris
716 1733 846 1804 dignitas,
868 1747 954 1805 aetas,
977 1738 1138 1799 institutum.
1172 1748 1198 1802 2.
1213 1747 1241 1804 8.

127 1793 281 1848 Praesentis
291 1793 418 1849 historiae
432 1815 537 1849 summa
551 1818 582 1853 ca
602 1799 646 1854 ita.
682 1803 709 1858 4.
724 1804 751 1855 5.
769 1803 860 1857 Status
871 1805 962 1870 urbis,
978 1829 1053 1865 mens
1066 1813 1231 1870 exercituum

129 1862 237 1916 habitus
255 1863 461 1934 provinciarum
481 1866 573 1920 occiso
605 1868 708 1923 'eronn
743 1870 922 1944 Nymphidius
943 1876 1087 1948 imperium
1104 1858 1240 1940 adfectans,

128 1943 286 2002 oppressus.
320 1933 348 1987 6.
362 1934 387 1985 7.
409 1933 522 1987 Galbam
544 1936 686 1991 crudelitas
703 1959 765 2004 sua,
779 1951 875 2006 aetas,
898 1946 1022 2015 corporis
1033 1947 1121 2003 forma
1133 1962 1160 2007 et
1174 1954 1240 2020 arni·

127 2019 226 2055 corum
241 2000 306 2055 vitta
319 2001 437 2055 reddunt
449 2003 574 2057 invisunt.
611 2006 636 2058 8.
649 2007 674 2059 9.
693 2007 785 2062 Status
800 2008 957 2078 Hispaniae,
980 2013 1097 2082 Gabiae,
1121 2018 1240 2077 Germa.

127 2068 257 2124 nieorum
278 2071 457 2131 exercituum,
481 2071 649 2138 Britanniae,
674 2075 788 2148 illyrici.
826 2079 866 2134 10.
888 2080 919 2131 ln
932 2082 1009 2163 Syria
1020 2085 1142 2140 Muciani
1155 2090 1240 2146 virtu.

127 2147 169 2191 tes
188 2148 214 2192 et
233 2137 310 2196 vitia.
345 2139 554 2209 rtsvnpasiant
575 2142 714 2196 ludaicum
735 2145 836 2199 bellum
856 2149 1066 2208 administrantis
1083 2154 1190 2211 animus
1210 2159 1241 2214 in

128 2205 257 2262 Galbam.
294 2210 337 2261 11.
361 2208 637 2282 Aegyptl,¹Asricae,
661 2212 861 2279 Mauretaniae,
884 2217 1008 2284 Raetiae,
1024 2221 1134 2291 Norici,
1152 2226 1239 2282 'lbra-
1281 2253 1283 2263 =

126 2276 200 2335 ciae.
222 2275 313 2330 ltaliae
326 2285 409 2330 statua
424 2276 524 2331 COSS.
538 2279 625 2334 Galba
638 2291 664 2333 et
678 2281 766 2336 Vinio.

234 2345 278 2399 12
302 2344 452 2399 Deficiente
472 2349 617 2417 superioris
635 2345 797 2405 Germaniae
817 2354 901 2408 milite
920 2354 1005 2409 Galba
1027 2358 1061 2412 de
1080 2360 1237 2434 adoptando

127 2411 245 2467 Caesare
266 2416 373 2486 cogitat.
410 2414 451 2470 13.
470 2414 566 2469 Vinius
581 2416 684 2471 Othoni
704 2418 787 2484 saret,
808 2441 864 2475 non
886 2424 920 2477 ita
933 2423 1003 2479 Laco
1021 2438 1048 2483 et
1059 2427 1156 2487 Icelus.
1193 2435 1238 2490 14.

99 2501 103 2512 ’
126 2480 214 2535 Galba
227 2484 368 2538 transactis
381 2483 486 2556 imperii
501 2485 618 2539 comitiis
633 2485 757 2542 Pisonem
772 2489 859 2573 eligit,
883 2491 1020 2548 bominem
1036 2498 1138 2568 antiqui
1153 2504 1242 2561 moris

126 2560 153 2603 et
164 2569 311 2616 severum,
328 2552 372 2607 eui
388 2555 428 2605 15.
444 2553 484 2605 16.
499 2554 651 2625 adoptionis
665 2574 757 2609 causas
772 2569 797 2611 et
811 2561 917 2630 imperii
931 2562 1136 2621 administrandi
1148 2572 1238 2625 consi.

126 2619 196 2672 lium
216 2620 312 2691 aperit.
349 2621 391 2676 17.
410 2620 518 2676 Pisonis
536 2622 607 2676 inter
627 2623 693 2677 haec
712 2626 871 2682 moderatio.
909 2631 950 2685 18.
969 2634 1086 2714 Adoptio
1100 2635 1128 2687 in
1143 2640 1237 2695 castris

125 2698 299 2760 nuncupata,
330 2689 370 2743 19.
388 2700 446 2743 turn
465 2689 493 2742 in
513 2700 616 2744 senatu.
652 2691 748 2764 Legati
759 2695 792 2748 ad
806 2695 956 2753 desertores
969 2700 1068 2755 missu
1088 2704 1133 2758 20.
1152 2706 1237 2762 Nero·

125 2755 169 2811 nis
184 2757 316 2830 prodigae
330 2758 490 2812 donationes
502 2759 640 2814 rescissae.

220 2827 275 2880 ·21.
297 2825 400 2880 Othoni
419 2846 466 2897 spe
485 2826 560 2900 lapso
578 2828 722 2883 consilium
739 2832 768 2884 in
785 2833 911 2896 turbido,
938 2834 982 2889 28.
1000 2837 1188 2911 instigantibus
1206 2845 1237 2899 ti.

124 2893 225 2957 bortis,
240 2894 341 2958 servis,
358 2894 566 2961 mathematicis,
592 2895 683 2952 2824.
701 2901 799 2980 paratis
811 2904 863 2956 iam
876 2914 937 2958 ante
950 2905 1067 2961 militurn
1079 2912 1174 2967 studiis
1188 2935 1237 2987 per

124 2964 270 3018 blanditias
282 2973 307 3017 et
322 2964 491 3037 largitiones,
511 2965 642 3020 oscitante
654 2967 687 3019 ad
703 2969 729 3020 rd
744 2972 890 3039 praelecto.
925 2974 969 3028 25.
981 2975 1025 3031 26.
1043 2976 1115 3049 lugo
1131 2980 1184 3036 iam
1200 2984 1236 3038 le.

126 3034 220 3105 mones
232 3044 259 3087 et
272 3032 367 3087 auxilia
378 3052 430 3105 pro
436 3031 571 3087 Othone·
590 3035 633 3087 27.
653 3033 721 3088 Mox
734 3038 916 3095 consalutatus
927 3043 1129 3115 imperatore&
1142 3054 1236 3107 castris

16 3121 33 3134 ··
125 3102 308 3172 praetorianis
319 3100 444 3155 insertur.

230 3169 276 3226 29.
288 3169 330 3223 80.
349 3169 413 3223 Piso
425 3169 580 3237 cohortem,
616 3191 665 3226 uae
677 3172 706 3227 in
719 3175 817 3246 palatio
829 3178 972 3234 stationem
984 3181 1052 3254 agit,
1067 3182 1190 3239 hortatur
1203 3190 1236 3243 ad

125 3240 219 3297 fidem.
255 3239 298 3292 81.
320 3237 369 3320 llla
383 3252 460 3310 parat
471 3240 561 3309 signa,
575 3190 622 3295 reli
646 3242 685 3296 uis
698 3245 784 3314 copiis
794 3246 991 3303 deficientibus.
1024 3251 1068 3307 82.
1083 3252 1126 3306 88.
1146 3255 1236 3311 Plebis

124 3309 247 3364 adulatio
266 3318 292 3362 et
309 3308 407 3388 lentas.
441 3308 566 3389 fluctuat
578 3261 663 3365 Galba
677 3330 741 3364 cum
755 3312 864 3378 amicis,
887 3336 921 3370 an
938 3321 1158 3377 occurrendum?
1192 3324 1236 3380 84.

124 3377 314 3432 praemittitur
330 3395 358 3429 tn
378 3383 464 3430 castra
477 3375 549 3430 Piso.
585 3378 676 3433 Falsus
694 3379 728 3432 de
747 3381 839 3436 occiso
854 3382 964 3439 Othone
982 3406 1088 3443 rumor.
1121 3392 1165 3447 55.
1183 3394 1235 3448 Po-

124 3446 209 3519 pulus
222 3455 250 3500 et
260 3455 368 3500 senatus
380 3443 496 3508 Galbae,
522 3445 565 3502 86.
583 3459 671 3504 castra
682 3445 787 3502 Othoni
802 3449 903 3506 favent.
937 3454 980 3507 87.
991 3455 1035 3513 88.
1053 3456 1105 3512 llic
1119 3462 1234 3516 militum

124 3516 231 3569 animos
245 3514 367 3569 oratioue
379 3511 431 3567 sibi
445 3513 587 3582 conciliat,
610 3514 713 3571 Galbae
730 3527 756 3571 et
769 3517 863 3573 Pisoni
882 3521 970 3577 reddit
983 3525 1112 3580 infensos.
1149 3534 1251 3585 Arma·

124 3585 207 3637 militi
231 3581 339 3638 dividit.
382 3582 426 3651 89.
454 3583 544 3654 agitat
561 3584 633 3639 heco
653 3583 686 3638 de
703 3586 785 3641 caede
805 3586 887 3641 Vinii.
929 3593 974 3646 40.
1000 3593 1087 3649 Galba
1110 3596 1233 3654 fluctuat.

124 3652 209 3706 Plebs
227 3661 314 3705 nutat.
350 3649 499 3706 Othoniani
517 3650 609 3706 lorum
628 3653 797 3726 inrumpunt.
833 3658 877 3711 41.
901 3658 989 3715 Galba
1007 3664 1140 3731 desertus,
1164 3670 1236 3722 occi·

124 3739 185 3775 sus:
219 3720 264 3775 42.
283 3718 322 3774 sic
344 3731 371 3775 et
388 3717 498 3784 Vinius„
534 3720 579 3774 48.
599 3721 759 3794 ‚Sempronii
779 3723 864 3780 Densi
882 3727 957 3781 fides.
998 3731 1061 3785 Piso
1078 3752 1170 3790 caesus
1190 3739 1234 3793 44.
1286 3769 1289 3776 >

123 3786 354 3914 titillabit?
372 3786 1235 3940 iilltru?5{¹iltt,¹'{t‘'tittt‘ttlttltfflolllilht⁰⁵ltt

124 3926 279 3980 coercendo
300 3924 416 3980 militum
437 3924 525 3979 furori
544 3926 639 3997 impar.
673 3929 717 3982 46.
740 3930 766 3983 bi
783 3933 937 3988 vacationes
952 3936 1004 3989 sibi
1017 3938 1117 3991 remitti
1131 3912 1233 4011 pitunt.
1280 3998 1284 4005 ,

123 3994 198 4052 laco
209 4004 238 4048 et
249 3994 337 4050 lcelus
350 3995 429 4049 oaesi.
457 3995 505 4048 47.
525 3994 633 4049 Pisonis
647 3996 714 4051 etT.
725 3999 797 4052 Vinii
808 4001 962 4073 sepultura,
979 4005 1024 4059 48.
1039 4004 1141 4079 elogia,
1156 4021 1234 4066 testa·

123 4072 226 4118 menta.
257 4063 301 4117 49.
318 4061 420 4116 Galbae
431 4064 584 4134 sepultura,
601 4074 684 4132 aetas,
701 4066 842 4132 nobilitas,
861 4090 967 4132 mores,
985 4074 1112 4130 honores.

228 4131 275 4186 5⁰:
293 4130 332 4185 Tr
365 4131 438 4185 idam
458 4132 551 4185 urbem
566 4152 651 4188 novus
666 4135 701 4188 de
714 4134 825 4189 Vitellio
840 4140 950 4194 nuntius
967 4154 1092 4197 exterret.
1129 4146 1233 4220 Vespa.

123 4201 231 4256 sianum
249 4197 376 4256 nonnuli
397 4211 572 4273 augurantur.
609 4204 651 4256 51·
669 4203 748 4259 luitis
761 4202 897 4262 Vitelliani
917 4220 1008 4265 motus
1029 4229 1059 4266 ea
1079 4214 1152 4270 bello
1172 4218 1234 4271 lulii

350 4304 357 4313 Ι
591 4285 596 4304 l
